<record><leader>00000cas a22000007a 4500</leader><controlfield tag="001">30597065</controlfield><controlfield tag="008">940613d19uu19uunyuwr ne      0    0eng d</controlfield><datafield ind1=" " ind2=" " tag="010"><subfield code="a">sn 94057786 </subfield></datafield><datafield ind1=" " ind2=" " tag="040"><subfield code="a">NYS</subfield><subfield code="b">eng</subfield><subfield code="c">NYS</subfield><subfield code="d">OCLCQ</subfield><subfield code="d">OCLCF</subfield><subfield code="d">OCLCO</subfield></datafield><datafield ind1="1" ind2=" " tag="029"><subfield code="a">AU@</subfield><subfield code="b">000025906220</subfield></datafield><datafield ind1=" " ind2=" " tag="042"><subfield code="a">msc</subfield></datafield><datafield ind1=" " ind2=" " tag="043"><subfield code="a">n-us-ny</subfield></datafield><datafield ind1="0" ind2="4" tag="245"><subfield code="a">The Messenger and the Baldwinsville dispatch.</subfield></datafield><datafield ind1=" " ind2=" " tag="260"><subfield code="a">Baldwinsville, N.Y. :</subfield><subfield code="b">[s.n.]</subfield></datafield><datafield ind1=" " ind2=" " tag="300"><subfield code="a">v.</subfield></datafield><datafield ind1=" " ind2=" " tag="310"><subfield code="a">Weekly</subfield></datafield><datafield ind1=" " ind2=" " tag="588"><subfield code="a">Description based on: Vol. 6, no. 30 (June 18, 1931).</subfield></datafield><datafield ind1=" " ind2="0" tag="651"><subfield code="a">Baldwinsville (N.Y.)</subfield><subfield code="v">Newspapers.</subfield></datafield><datafield ind1=" " ind2="0" tag="651"><subfield code="a">Onondaga County (N.Y.)</subfield><subfield code="v">Newspapers.</subfield></datafield><datafield ind1=" " ind2="7" tag="655"><subfield code="a">Newspapers.</subfield><subfield code="2">fast</subfield><subfield code="0">(OCoLC)fst01423814</subfield></datafield><datafield ind1=" " ind2="7" tag="651"><subfield code="a">New York (State)</subfield><subfield code="z">Baldwinsville.</subfield><subfield code="2">fast</subfield><subfield code="0">(OCoLC)fst01220434</subfield></datafield><datafield ind1=" " ind2="7" tag="651"><subfield code="a">New York (State)</subfield><subfield code="z">Onondaga County.</subfield><subfield code="2">fast</subfield><subfield code="0">(OCoLC)fst01205371</subfield></datafield><datafield ind1=" " ind2=" " tag="752"><subfield code="a">United States</subfield><subfield code="b">New York</subfield><subfield code="c">Onondaga</subfield><subfield code="d">Baldwinsville.</subfield></datafield><datafield ind1="0" ind2="4" tag="780"><subfield code="t">Messenger (Baldwinsville, N.Y. : 1925)</subfield></datafield><datafield ind1="0" ind2="4" tag="780"><subfield code="t">Baldwinsville dispatch</subfield><subfield code="w">(DLC)sn 92062236</subfield><subfield code="w">(OCoLC)27022966</subfield></datafield><datafield ind1="0" ind2="0" tag="785"><subfield code="t">Messenger (Baldwinsville, N.Y. : 1940)</subfield><subfield code="w">(DLC)sn 84031538</subfield><subfield code="w">(OCoLC)11107051</subfield></datafield></record>